@article{Kuhn:2004em,
      author         = "{K\"uhn}, Johann H. and Kulesza, A. and Pozzorini, S. and
                        Schulze, M.",
      title          = "{Logarithmic electroweak corrections to hadronic Z+1 jet
                        production at large transverse momentum}",
      journal        = "Phys. Lett.",
      volume         = "B609",
      year           = "2005",
      pages          = "277-285",
      doi            = "10.1016/j.physletb.2005.01.059",
      eprint         = "hep-ph/0408308",
      archivePrefix  = "arXiv",
      primaryClass   = "hep-ph",
      reportNumber   = "TTP04-18, SFB-CPP-04-32",
      SLACcitation   = "%%CITATION = HEP-PH/0408308;%%"
}

@article{Kuhn:2005gv,
      author         = "{K\"uhn}, Johann H. and Kulesza, A. and Pozzorini, S. and
                        Schulze, M.",
      title          = "{Electroweak corrections to hadronic photon production at
                        large transverse momenta}",
      journal        = "JHEP",
      volume         = "03",
      year           = "2006",
      pages          = "059",
      doi            = "10.1088/1126-6708/2006/03/059",
      eprint         = "hep-ph/0508253",
      archivePrefix  = "arXiv",
      primaryClass   = "hep-ph",
      reportNumber   = "TTP05-16, SFB-CPP-05-44",
      SLACcitation   = "%%CITATION = HEP-PH/0508253;%%"
}



@article{Kuhn:2007qc,
      author         = "{K\"uhn}, Johann H. and Kulesza, A. and Pozzorini, S. and
                        Schulze, M.",
      title          = "{Electroweak corrections to large transverse momentum
                        production of W bosons at the LHC}",
      journal        = "Phys. Lett.",
      volume         = "B651",
      year           = "2007",
      pages          = "160-165",
      doi            = "10.1016/j.physletb.2007.06.028",
      eprint         = "hep-ph/0703283",
      archivePrefix  = "arXiv",
      primaryClass   = "HEP-PH",
      reportNumber   = "TTP07-07, SFB-CP-07-12, MPP-2007-35, DESY-07-041",
      SLACcitation   = "%%CITATION = HEP-PH/0703283;%%"
}


@article{Kuhn:2007cv,
      author         = "{K\"uhn}, Johann H. and Kulesza, A. and Pozzorini, S. and
                        Schulze, M.",
      title          = "{Electroweak corrections to hadronic production of W
                        bosons at large transverse momenta}",
      journal        = "Nucl. Phys.",
      volume         = "B797",
      year           = "2008",
      pages          = "27-77",
      doi            = "10.1016/j.nuclphysb.2007.12.029",
      eprint         = "0708.0476",
      archivePrefix  = "arXiv",
      primaryClass   = "hep-ph",
      reportNumber   = "TTP07-19, SFB-CPP-07-43, MPP-2007-102, DESY-07-112",
      SLACcitation   = "%%CITATION = ARXIV:0708.0476;%%"
}


@article{Kallweit:2014xda,
      author         = "Kallweit, Stefan and Lindert, Jonas M. and Maierhoefer,
                        Philipp and Pozzorini, Stefano and Schoenherr, Marek",
      title          = "{NLO electroweak automation and precise predictions for
                        W+multijet production at the LHC}",
      journal        = "JHEP",
      volume         = "04",
      year           = "2015",
      pages          = "012",
      doi            = "10.1007/JHEP04(2015)012",
      eprint         = "1412.5157",
      archivePrefix  = "arXiv",
      primaryClass   = "hep-ph",
      reportNumber   = "LPN14-127, IPPP-14-107, DCPT-14-214, MCNET-14-26,
                        ZU-TH-42-14, MITP-14-102, --MITP-14-102",
      SLACcitation   = "%%CITATION = ARXIV:1412.5157;%%"
}



@article{Kallweit:2015dum,
      author         = "Kallweit, Stefan and Lindert, Jonas M. and Maierhoefer,
                        Philipp and Pozzorini, Stefano and Schoenherr, Marek",
      title          = "{NLO QCD+EW predictions for V + jets including off-shell
                        vector-boson decays and multijet merging}",
      journal        = "JHEP",
      volume         = "04",
      year           = "2016",
      pages          = "021",
      doi            = "10.1007/JHEP04(2016)021",
      eprint         = "1511.08692",
      archivePrefix  = "arXiv",
      primaryClass   = "hep-ph",
      reportNumber   = "DCPT-15-140, FR-PHENO-2015-014, IPPP-15-70, MCNET-15-23,
                        MITP-15-108, ZU-TH-41-15, --MITP-15-108",
      SLACcitation   = "%%CITATION = ARXIV:1511.08692;%%"
}

@article{Kuhn:2005az,
      author         = "{K\"uhn}, Johann H. and Kulesza, A. and Pozzorini, S. and
                        Schulze, M.",
      title          = "{One-loop weak corrections to hadronic production of Z
                        bosons at large transverse momenta}",
      journal        = "Nucl. Phys.",
      volume         = "B727",
      year           = "2005",
      pages          = "368-394",
      doi            = "10.1016/j.nuclphysb.2005.08.019",
      eprint         = "hep-ph/0507178",
      archivePrefix  = "arXiv",
      primaryClass   = "hep-ph",
      reportNumber   = "TTP05-10, SFB-CPP-05-30",
      SLACcitation   = "%%CITATION = HEP-PH/0507178;%%"
}

@article{Ridder:2016nkl,
      author         = "Gehrmann-De Ridder, Aude and Gehrmann, T. and Glover, E.
                        W. N. and Huss, A. and Morgan, T. A.",
      title          = "{The NNLO QCD corrections to Z boson production at large
                        transverse momentum}",
      journal        = "JHEP",
      volume         = "07",
      year           = "2016",
      pages          = "133",
      doi            = "10.1007/JHEP07(2016)133",
      eprint         = "1605.04295",
      archivePrefix  = "arXiv",
      primaryClass   = "hep-ph",
      reportNumber   = "IPPP-16-39, NSF-KITP-16-067, ZU-TH-18-16",
      SLACcitation   = "%%CITATION = ARXIV:1605.04295;%%"
}

@article{Gehrmann-DeRidder:2016jns,
      author         = "Gehrmann-De Ridder, A. and Gehrmann, T. and Glover, E. W.
                        N. and Huss, A. and Morgan, T. A.",
      title          = "{NNLO QCD corrections for Drell-Yan $p_T^Z$ and $\phi^*$
                        observables at the LHC}",
      journal        = "JHEP",
      volume         = "11",
      year           = "2016",
      pages          = "094",
      doi            = "10.1007/JHEP11(2016)094",
      eprint         = "1610.01843",
      archivePrefix  = "arXiv",
      primaryClass   = "hep-ph",
      reportNumber   = "IPPP-16-74, ZU-TH-36-16",
      SLACcitation   = "%%CITATION = ARXIV:1610.01843;%%"
}




@article{Boughezal:2016dtm,
      author         = "Boughezal, Radja and Liu, Xiaohui and Petriello, Frank",
      title          = "{W-boson plus jet differential distributions at NNLO in
                        QCD}",
      journal        = "Phys. Rev.",
      volume         = "D94",
      year           = "2016",
      number         = "11",
      pages          = "113009",
      doi            = "10.1103/PhysRevD.94.113009",
      eprint         = "1602.06965",
      archivePrefix  = "arXiv",
      primaryClass   = "hep-ph",
      SLACcitation   = "%%CITATION = ARXIV:1602.06965;%%"
}

@article{Boughezal:2016isb,
      author         = "Boughezal, Radja and Liu, Xiaohui and Petriello, Frank",
      title          = "{Phenomenology of the Z-boson plus jet process at NNLO}",
      journal        = "Phys. Rev.",
      volume         = "D94",
      year           = "2016",
      number         = "7",
      pages          = "074015",
      doi            = "10.1103/PhysRevD.94.074015",
      eprint         = "1602.08140",
      archivePrefix  = "arXiv",
      primaryClass   = "hep-ph",
      SLACcitation   = "%%CITATION = ARXIV:1602.08140;%%"
}

@article{Boughezal:2015dva,
      author         = "Boughezal, Radja and Focke, Christfried and Liu, Xiaohui
                        and Petriello, Frank",
      title          = "{$W$-boson production in association with a jet at
                        next-to-next-to-leading order in perturbative QCD}",
      journal        = "Phys. Rev. Lett.",
      volume         = "115",
      year           = "2015",
      number         = "6",
      pages          = "062002",
      doi            = "10.1103/PhysRevLett.115.062002",
      eprint         = "1504.02131",
      archivePrefix  = "arXiv",
      primaryClass   = "hep-ph",
      SLACcitation   = "%%CITATION = ARXIV:1504.02131;%%"
}


@article{Boughezal:2015ded,
      author         = "Boughezal, Radja and Campbell, John M. and Ellis, R.
                        Keith and Focke, Christfried and Giele, Walter T. and Liu,
                        Xiaohui and Petriello, Frank",
      title          = "{Z-boson production in association with a jet at
                        next-to-next-to-leading order in perturbative QCD}",
      journal        = "Phys. Rev. Lett.",
      volume         = "116",
      year           = "2016",
      number         = "15",
      pages          = "152001",
      doi            = "10.1103/PhysRevLett.116.152001",
      eprint         = "1512.01291",
      archivePrefix  = "arXiv",
      primaryClass   = "hep-ph",
      reportNumber   = "FERMILAB-PUB-15-519-T, IPPP-15-79",
      SLACcitation   = "%%CITATION = ARXIV:1512.01291;%%"
}

@article{Ridder:2015dxa,
      author         = "Gehrmann-De Ridder, A. and Gehrmann, T. and Glover, E. W.
                        N. and Huss, A. and Morgan, T. A.",
      title          = "{Precise QCD predictions for the production of a Z boson
                        in association with a hadronic jet}",
      journal        = "Phys. Rev. Lett.",
      volume         = "117",
      year           = "2016",
      number         = "2",
      pages          = "022001",
      doi            = "10.1103/PhysRevLett.117.022001",
      eprint         = "1507.02850",
      archivePrefix  = "arXiv",
      primaryClass   = "hep-ph",
      reportNumber   = "IPPP-15-44, ZU-TH-23-15",
      SLACcitation   = "%%CITATION = ARXIV:1507.02850;%%"
}

@article{Manohar:2016nzj,
      author         = "Manohar, Aneesh and Nason, Paolo and Salam, Gavin P. and
                        Zanderighi, Giulia",
      title          = "{How bright is the proton? A precise determination of the
                        photon parton distribution function}",
      journal        = "Phys. Rev. Lett.",
      volume         = "117",
      year           = "2016",
      number         = "24",
      pages          = "242002",
      doi            = "10.1103/PhysRevLett.117.242002",
      eprint         = "1607.04266",
      archivePrefix  = "arXiv",
      primaryClass   = "hep-ph",
      reportNumber   = "CERN-TH-2016-155",
      SLACcitation   = "%%CITATION = ARXIV:1607.04266;%%"
}

@article{Schmidt:2015zda,
      author         = "Schmidt, Carl and Pumplin, Jon and Stump, Daniel and
                        Yuan, C. P.",
      title          = "{CT14QED parton distribution functions from isolated
                        photon production in deep inelastic scattering}",
      journal        = "Phys. Rev.",
      volume         = "D93",
      year           = "2016",
      number         = "11",
      pages          = "114015",
      doi            = "10.1103/PhysRevD.93.114015",
      eprint         = "1509.02905",
      archivePrefix  = "arXiv",
      primaryClass   = "hep-ph",
      SLACcitation   = "%%CITATION = ARXIV:1509.02905;%%"


}


@article{Denner:2009gj,
      author         = "Denner, Ansgar and Dittmaier, Stefan and Kasprzik, Tobias
                        and {M\"uck}, Alexander",
      title          = "{Electroweak corrections to W + jet hadroproduction
                        including leptonic W-boson decays}",
      journal        = "JHEP",
      volume         = "08",
      year           = "2009",
      pages          = "075",
      doi            = "10.1088/1126-6708/2009/08/075",
      eprint         = "0906.1656",
      archivePrefix  = "arXiv",
      primaryClass   = "hep-ph",
      reportNumber   = "MPP-2009-72, PSI-PR-09-08",
      SLACcitation   = "%%CITATION = ARXIV:0906.1656;%%"
}


@article{Agashe:2014kda,
      author         = "Olive, K.A. and others",
      title          = "{Review of Particle Physics}",
      collaboration  = "Particle Data Group",
      journal        = "Chin.Phys.",
      volume         = "C38", 
      pages          = "090001",
      doi            = "10.1088/1674-1137/38/9/090001",
      year           = "2014",
      SLACcitation   = "%%CITATION = CHPHD,C38,090001;%%",
}


@article{Heinemeyer:2013tqa,
      author         = "Heinemeyer, S and others",
      editor         = "Heinemeyer, S",
      title          = "{Handbook of LHC Higgs Cross Sections: 3. Higgs   
                        Properties}",
      collaboration  = "LHC Higgs Cross Section Working Group",
      doi            = "10.5170/CERN-2013-004",
      year           = "2013",
      eprint         = "1307.1347",
      archivePrefix  = "arXiv",
      primaryClass   = "hep-ph",   
      reportNumber   = "CERN-2013-004, FERMILAB-CONF-13-667-T",
      SLACcitation   = "%%CITATION = ARXIV:1307.1347;%%",
}


@article{Denner:2005fg,
      author         = "Denner, Ansgar and others",
      title          = "{Electroweak corrections to charged-current $e^+ e^-\to$ 4 fermion processes: Technical details and 				further results}",
      journal        = "Nucl.Phys.",
      volume         = "B724",
      pages          = "247-294",
      doi            = "10.1016/j.nuclphysb.2011.09.001,
                        10.1016/j.nuclphysb.2005.06.033",
      year           = "2005",
      eprint         = "hep-ph/0505042",
      archivePrefix  = "arXiv",
      primaryClass   = "hep-ph",
      reportNumber   = "MPP-2005-23, PSI-PR-05-05",
      SLACcitation   = "%%CITATION = HEP-PH/0505042;%%",
}
 

@article{Ball:2013hta,
      author         = "Ball, Richard D. and others",
      title          = "{Parton distributions with QED corrections}",
      collaboration  = "NNPDF",
      journal        = "Nucl.Phys.",
      volume         = "B877",  
      pages          = "290-320",
      doi            = "10.1016/j.nuclphysb.2013.10.010",
      year           = "2013",
      eprint         = "1308.0598",
      archivePrefix  = "arXiv",
      primaryClass   = "hep-ph",
      reportNumber   = "EDINBURGH-2013-20, IFUM-1014-FT, FR-PHENO-2013-008,
                        CERN-PH-TH-2013-075",
      SLACcitation   = "%%CITATION = ARXIV:1308.0598;%%",
}

@article{Bertone:2016men,
      author         = "Bertone, Valerio and Carrazza, Stefano",
      title          = "{Combining NNPDF3.0 and NNPDF2.3QED through the APFEL
                        evolution code}",
      booktitle      = "{Proceedings, 24th International Workshop on
                        Deep-Inelastic Scattering and Related Subjects (DIS 2016):
                        Hamburg, Germany, April 11-15, 2016}",
      journal        = "PoS",
      volume         = "DIS2016",
      year           = "2016",
      pages          = "031",
      SLACcitation   = "%%CITATION = POSCI,DIS2016,031;%%"
}


@article{deFlorian:2015ujt,
      author         = "de Florian, Daniel and Sborlini, Germán F. R. and
                        Rodrigo, Germán",
      title          = "{QED corrections to the Altarelli-Parisi splitting functions}",
      journal        = "Eur. Phys. J.",
      volume         = "C76",
      year           = "2016",
      number         = "5",
      pages          = "282",
      doi            = "10.1140/epjc/s10052-016-4131-8",
      eprint         = "1512.00612",
      archivePrefix  = "arXiv",
      primaryClass   = "hep-ph",
      reportNumber   = "ICAS-03-15, IFIC-15-81",
      SLACcitation   = "%%CITATION = ARXIV:1512.00612;%%"
}

@article{Karlberg:2014qua,
      author         = "Karlberg, Alexander and Re, Emanuele and Zanderighi,
                        Giulia",
      title          = "{NNLOPS accurate Drell-Yan production}",
      journal        = "JHEP",
      volume         = "09",
      year           = "2014",
      pages          = "134",
      doi            = "10.1007/JHEP09(2014)134",
      eprint         = "1407.2940",
      archivePrefix  = "arXiv",
      primaryClass   = "hep-ph",
      reportNumber   = "CERN-PH-TH-2014-129, OUTP-14-12P",
      SLACcitation   = "%%CITATION = ARXIV:1407.2940;%%"
}

@article{Butterworth:2015oua,
      author         = "Butterworth, Jon and others",
      title          = "{PDF4LHC recommendations for LHC Run II}",
      journal        = "J. Phys.",
      volume         = "G43",
      year           = "2016",
      pages          = "023001",
      doi            = "10.1088/0954-3899/43/2/023001",
      eprint         = "1510.03865",
      archivePrefix  = "arXiv",
      primaryClass   = "hep-ph",
      reportNumber   = "OUTP-15-17P, SMU-HEP-15-12, TIF-UNIMI-2015-14,
                        LCTS-2015-27, CERN-PH-TH-2015-249",
      SLACcitation   = "%%CITATION = ARXIV:1510.03865;%%"
}

@article{Gao:2013bia,
      author         = "Gao, Jun and Nadolsky, Pavel",
      title          = "{A meta-analysis of parton distribution functions}",
      journal        = "JHEP",
      volume         = "07",
      year           = "2014",
      pages          = "035",
      doi            = "10.1007/JHEP07(2014)035",
      eprint         = "1401.0013",
      archivePrefix  = "arXiv",
      primaryClass   = "hep-ph",
      SLACcitation   = "%%CITATION = ARXIV:1401.0013;%%"
}

@article{Carrazza:2015aoa,
      author         = "Carrazza, Stefano and Forte, Stefano and Kassabov, Zahari
                        and Latorre, Jose Ignacio and Rojo, Juan",
      title          = "{An Unbiased Hessian Representation for Monte Carlo
                        PDFs}",
      journal        = "Eur. Phys. J.",
      volume         = "C75",
      year           = "2015",
      number         = "8",
      pages          = "369",
      doi            = "10.1140/epjc/s10052-015-3590-7",
      eprint         = "1505.06736",
      archivePrefix  = "arXiv",
      primaryClass   = "hep-ph",
      reportNumber   = "TIF-UNIMI-2015-1, OUTP-15-04P",
      SLACcitation   = "%%CITATION = ARXIV:1505.06736;%%"
}

@article{Ball:2014uwa,
      author         = "Ball, Richard D. and others",
      title          = "{Parton distributions for the LHC Run II}",
      collaboration  = "NNPDF",
      journal        = "JHEP",
      volume         = "04",
      year           = "2015",
      pages          = "040",
      doi            = "10.1007/JHEP04(2015)040",
      eprint         = "1410.8849",
      archivePrefix  = "arXiv",
      primaryClass   = "hep-ph",
      reportNumber   = "EDINBURGH-2014-15, IFUM-1034-FT, CERN-PH-TH-2013-253,
                        OUTP-14-11P, CAVENDISH-HEP-14-11",
      SLACcitation   = "%%CITATION = ARXIV:1410.8849;%%"
}

@article{Harland-Lang:2014zoa,
      author         = "Harland-Lang, L. A. and Martin, A. D. and Motylinski, P.
                        and Thorne, R. S.",
      title          = "{Parton distributions in the LHC era: MMHT 2014 PDFs}",
      journal        = "Eur. Phys. J.",
      volume         = "C75",
      year           = "2015",
      number         = "5",
      pages          = "204",
      doi            = "10.1140/epjc/s10052-015-3397-6",
      eprint         = "1412.3989",
      archivePrefix  = "arXiv",
      primaryClass   = "hep-ph",
      reportNumber   = "LCTS-2014-47, IPPP-14-97, DCPT-14-194",
      SLACcitation   = "%%CITATION = ARXIV:1412.3989;%%"
}

@article{Dulat:2015mca,
      author         = "Dulat, Sayipjamal and Hou, Tie-Jiun and Gao, Jun and
                        Guzzi, Marco and Huston, Joey and Nadolsky, Pavel and
                        Pumplin, Jon and Schmidt, Carl and Stump, Daniel and Yuan,
                        C. P.",
      title          = "{New parton distribution functions from a global analysis
                        of quantum chromodynamics}",
      journal        = "Phys. Rev.",
      volume         = "D93",
      year           = "2016",
      number         = "3",
      pages          = "033006",
      doi            = "10.1103/PhysRevD.93.033006",
      eprint         = "1506.07443",
      archivePrefix  = "arXiv",
      primaryClass   = "hep-ph",
      SLACcitation   = "%%CITATION = ARXIV:1506.07443;%%"
}
@article{Denner:2000jv,
      author         = "Denner, Ansgar and Pozzorini, Stefano",
      title          = "{One loop leading logarithms in electroweak radiative
                        corrections. 1. Results}",
      journal        = "Eur. Phys. J.",
      volume         = "C18",
      year           = "2001",
      pages          = "461-480",
      doi            = "10.1007/s100520100551",
      eprint         = "hep-ph/0010201",
      archivePrefix  = "arXiv",
      primaryClass   = "hep-ph",
      reportNumber   = "PSI-PR-00-15, ZU-TH-17-00",
      SLACcitation   = "%%CITATION = HEP-PH/0010201;%%"
}

@inproceedings{Badger:2016bpw,
      author         = "Andersen, J. R. and others",
      title          = "{Les Houches 2015: Physics at TeV Colliders Standard
                        Model Working Group Report}",
      booktitle      = "{9th Les Houches Workshop on Physics at TeV Colliders
                        (PhysTeV 2015) Les Houches, France, June 1-19, 2015}",
      url            = "http://lss.fnal.gov/archive/2016/conf/fermilab-conf-16-175-ppd-t.pdf",
      year           = "2016",
      eprint         = "1605.04692",
      archivePrefix  = "arXiv",
      primaryClass   = "hep-ph",
      reportNumber   = "FERMILAB-CONF-16-175-PPD-T",
      SLACcitation   = "%%CITATION = ARXIV:1605.04692;%%"
}

@article{Yong:2016njr,
      author         = "Wang, Yong and Zhang, Ren-You and Ma, Wen-Gan and Li,
                        Xiao-Zhou and Guo, Lei",
      title          = "{QCD and electroweak corrections to ZZ+jet production
                        with Z -boson leptonic decays at the LHC}",
      journal        = "Phys. Rev.",
      volume         = "D94",
      year           = "2016",
      number         = "1",
      pages          = "013011",
      doi            = "10.1103/PhysRevD.94.013011",
      eprint         = "1604.04080",
      archivePrefix  = "arXiv",
      primaryClass   = "hep-ph",
      SLACcitation   = "%%CITATION = ARXIV:1604.04080;%%"
}

@article{Li:2015ura,
      author         = "Li, Wei-Hua and Zhang, Ren-You and Ma, Wen-Gan and Guo,
                        Lei and Li, Xiao-Zhou and Zhang, Yu",
      title          = "{NLO QCD and electroweak corrections to $WW+$jet
                        production with leptonic $W$ -boson decays at LHC}",
      journal        = "Phys. Rev.",
      volume         = "D92",
      year           = "2015",
      number         = "3",
      pages          = "033005",
      doi            = "10.1103/PhysRevD.92.033005",
      eprint         = "1507.07332",
      archivePrefix  = "arXiv",
      primaryClass   = "hep-ph",
      SLACcitation   = "%%CITATION = ARXIV:1507.07332;%%"
}

@article{Denner:2011vu,
      author         = "Denner, Ansgar and Dittmaier, Stefan and Kasprzik, Tobias
                        and {M\"uck}, Alexander",
      title          = "{Electroweak corrections to dilepton + jet production at
                        hadron colliders}",
      journal        = "JHEP",
      volume         = "06",
      year           = "2011",
      pages          = "069",
      doi            = "10.1007/JHEP06(2011)069",
      eprint         = "1103.0914",
      archivePrefix  = "arXiv",
      primaryClass   = "hep-ph",
      SLACcitation   = "%%CITATION = ARXIV:1103.0914;%%"
}

@article{Denner:2012ts,
      author         = "Denner, Ansgar and Dittmaier, Stefan and Kasprzik, Tobias
                        and {M\"uck}, Alexander",
      title          = "{Electroweak corrections to monojet production at the
                        LHC}",
      journal        = "Eur. Phys. J.",
      volume         = "C73",
      year           = "2013",
      number         = "2",
      pages          = "2297",
      doi            = "10.1140/epjc/s10052-013-2297-x",
      eprint         = "1211.5078",
      archivePrefix  = "arXiv",
      primaryClass   = "hep-ph",
      SLACcitation   = "%%CITATION = ARXIV:1211.5078;%%"
}

@article{Rubin:2010xp,
      author         = "Rubin, Mathieu and Salam, Gavin P. and Sapeta, Sebastian",
      title          = "{Giant QCD K-factors beyond NLO}",
      journal        = "JHEP",
      volume         = "09",
      year           = "2010",
      pages          = "084", 
      doi            = "10.1007/JHEP09(2010)084",
      eprint         = "1006.2144",
      archivePrefix  = "arXiv",
      primaryClass   = "hep-ph",
      SLACcitation   = "%%CITATION = ARXIV:1006.2144;%%"
}


@article{Campbell:2016lzl,
      author         = "Campbell, John M. and Ellis, R. Keith and Williams,
                        Ciaran",
      title          = "{Direct photon production at next-to-next-to-leading
                        order}",
      year           = "2016",
      eprint         = "1612.04333",
      archivePrefix  = "arXiv",
      primaryClass   = "hep-ph",
      reportNumber   = "IPPP-16-115, FERMILAB-PUB-16-585-T",
      SLACcitation   = "%%CITATION = ARXIV:1612.04333;%%"
}

@article{Dittmaier:2012vm,
      author         = "Dittmaier, S. and others",
      title          = "{Handbook of LHC Higgs Cross Sections: 2. Differential
                        Distributions}",
      doi            = "10.5170/CERN-2012-002",
      year           = "2012",
      collaboration  = "LHC Higgs Cross Section Working Group",
      eprint         = "1201.3084",
      archivePrefix  = "arXiv",
      primaryClass   = "hep-ph",
      reportNumber   = "CERN-2012-002",
      SLACcitation   = "%%CITATION = ARXIV:1201.3084;%%"
}

@article{deFlorian:2016spz,
      author         = "de Florian, D. and others",
      title          = "{Handbook of LHC Higgs Cross Sections: 4. Deciphering the
                        Nature of the Higgs Sector}",
      collaboration  = "LHC Higgs Cross Section Working Group",
      year           = "2016",
      eprint         = "1610.07922",
      archivePrefix  = "arXiv",
      primaryClass   = "hep-ph",
      reportNumber   = "FERMILAB-FN-1025-T",
      SLACcitation   = "%%CITATION = ARXIV:1610.07922;%%"
}

@article{Andersen:2014efa,
      author         = "Andersen, J. R. and others",
      title          = "{Les Houches 2013: Physics at TeV Colliders: Standard
                        Model Working Group Report}",
      year           = "2014",
      eprint         = "1405.1067",
      archivePrefix  = "arXiv",
      primaryClass   = "hep-ph",
      SLACcitation   = "%%CITATION = ARXIV:1405.1067;%%"
}

@article{Frixione:1998jh,
      author         = "Frixione, Stefano",
      title          = "{Isolated photons in perturbative QCD}",
      journal        = "Phys. Lett.",
      volume         = "B429",
      year           = "1998",
      pages          = "369-374",
      doi            = "10.1016/S0370-2693(98)00454-7",
      eprint         = "hep-ph/9801442",
      archivePrefix  = "arXiv",
      primaryClass   = "hep-ph",
      reportNumber   = "ETH-TH-97-40",
      SLACcitation   = "%%CITATION = HEP-PH/9801442;%%"
}

@article{Khachatryan:2015ira,
      author         = "Khachatryan, Vardan and others",
      title          = "{Comparison of the Z/$\gamma$$^{∗}$ + jets to $\gamma$
                        + jets cross sections in pp collisions at $ \sqrt{s}=8 $
                        TeV}",
      collaboration  = "CMS",
      journal        = "JHEP",
      volume         = "10",
      year           = "2015",
      pages          = "128",
      doi            = "10.1007/JHEP04(2016)010, 10.1007/JHEP10(2015)128",
      note           = "[Erratum: JHEP04,010(2016)]",
      eprint         = "1505.06520",
      archivePrefix  = "arXiv",
      primaryClass   = "hep-ex",
      reportNumber   = "CMS-SMP-14-005, CERN-PH-EP-2015-089",
      SLACcitation   = "%%CITATION = ARXIV:1505.06520;%%"
}


@article{Jantzen:2005az,
      author         = "Jantzen, Bernd and Kuhn, Johann H. and Penin, Alexander
                        A. and Smirnov, Vladimir A.",
      title          = "{Two-loop electroweak logarithms in four-fermion
                        processes at high energy}",
      journal        = "Nucl. Phys.",
      volume         = "B731",
      year           = "2005",
      pages          = "188-212",
      doi            = "10.1016/j.nuclphysb.2005.10.010,
                        10.1016/j.nuclphysb.2006.07.004",
      note           = "[Erratum: Nucl. Phys.B752,327(2006)]",
      eprint         = "hep-ph/0509157",
      archivePrefix  = "arXiv",
      primaryClass   = "hep-ph",
      reportNumber   = "TTP05-17, PSI-PR-05-04",
      SLACcitation   = "%%CITATION = HEP-PH/0509157;%%"
}

@article{Sirunyan:2017hci,
      author         = "Sirunyan, Albert M and others",
      title          = "{Search for dark matter produced with an energetic jet or
                        a hadronically decaying W or Z boson at $\sqrt{s}$ = 13
                        TeV}",
      collaboration  = "CMS",
      year           = "2017",
      eprint         = "1703.01651",
      archivePrefix  = "arXiv",
      primaryClass   = "hep-ex",
      reportNumber   = "CMS-EXO-16-037, CERN-EP-2017-031",
      SLACcitation   = "%%CITATION = ARXIV:1703.01651;%%"
}

@article{Aaboud:2016tnv,
      author         = "Aaboud, Morad and others",
      title          = "{Search for new phenomena in final states with an
                        energetic jet and large missing transverse momentum in
                        $pp$ collisions at $\sqrt{s}=13$ TeV using the ATLAS
                        detector}",
      collaboration  = "ATLAS",
      journal        = "Phys. Rev.",
      volume         = "D94",
      year           = "2016",
      number         = "3",
      pages          = "032005",
      doi            = "10.1103/PhysRevD.94.032005",
      eprint         = "1604.07773",
      archivePrefix  = "arXiv",
      primaryClass   = "hep-ex",
      reportNumber   = "CERN-EP-2016-075",
      SLACcitation   = "%%CITATION = ARXIV:1604.07773;%%"
}


@article{ArkaniHamed:1998rs,
      author         = "Arkani-Hamed, Nima and Dimopoulos, Savas and Dvali, G.
                        R.",
      title          = "{The Hierarchy problem and new dimensions at a
                        millimeter}",
      journal        = "Phys. Lett.",
      volume         = "B429",
      year           = "1998",
      pages          = "263-272",
      doi            = "10.1016/S0370-2693(98)00466-3",
      eprint         = "hep-ph/9803315",
      archivePrefix  = "arXiv",
      primaryClass   = "hep-ph",
      reportNumber   = "SLAC-PUB-7769, SU-ITP-98-13",
      SLACcitation   = "%%CITATION = HEP-PH/9803315;%%"
}
@article{Abercrombie:2015wmb,
      author         = "Abercrombie, Daniel and others",
      editor         = "Boveia, Antonio and Doglioni, Caterina and Lowette,
                        Steven and Malik, Sarah and Mrenna, Stephen",
      title          = "{Dark Matter Benchmark Models for Early LHC Run-2
                        Searches: Report of the ATLAS/CMS Dark Matter Forum}",
      year           = "2015",
      eprint         = "1507.00966",
      archivePrefix  = "arXiv",
      primaryClass   = "hep-ex",
      reportNumber   = "FERMILAB-PUB-15-282-CD",
      SLACcitation   = "%%CITATION = ARXIV:1507.00966;%%"
}

@article{Malik:2013kba,
      author         = "Malik, Sarah Alam and Watt, Graeme",
      title          = "{Ratios of W and Z Cross Sections at Large Boson $p_T$ as
                        a Constraint on PDFs and Background to New Physics}",
      journal        = "JHEP",
      volume         = "02",
      year           = "2014",
      pages          = "025",
      doi            = "10.1007/JHEP02(2014)025",
      eprint         = "1304.2424",
      archivePrefix  = "arXiv",
      primaryClass   = "hep-ph",
      reportNumber   = "ZU-TH-07-13, FERMILAB-PUB-13-106-PPD",
      SLACcitation   = "%%CITATION = ARXIV:1304.2424;%%"
}

@article{Boughezal:2017nla,
      author         = "Boughezal, Radja and Guffanti, Alberto and Petriello,
                        Frank and Ubiali, Maria",
      title          = "{The impact of the LHC Z-boson transverse momentum data
                        on PDF determinations}",
      year           = "2017",
      eprint         = "1705.00343",
      archivePrefix  = "arXiv",
      primaryClass   = "hep-ph",
      reportNumber   = "CAVENDISH-HEP-17-05",
      SLACcitation   = "%%CITATION = ARXIV:1705.00343;%%"
}


@article{Gleisberg:2008ta,
      author         = "Gleisberg, T. and Hoeche, Stefan. and Krauss, F. and
                        Schonherr, M. and Schumann, S. and Siegert, F. and Winter,
                        J.",
      title          = "{Event generation with SHERPA 1.1}",
      journal        = "JHEP",
      volume         = "02",
      year           = "2009",
      pages          = "007",
      doi            = "10.1088/1126-6708/2009/02/007",
      eprint         = "0811.4622",
      archivePrefix  = "arXiv",
      primaryClass   = "hep-ph",
      reportNumber   = "FERMILAB-PUB-08-477-T, SLAC-PUB-13420, ZU-TH-17-08,
                        DCPT-08-138, IPPP-08-69, EDINBURGH-2008-30, MCNET-08-14",
      SLACcitation   = "%%CITATION = ARXIV:0811.4622;%%"
}

@article{Krauss:2001iv,
      author         = "Krauss, F. and Kuhn, R. and Soff, G.",
      title          = "{AMEGIC++ 1.0: A Matrix element generator in C++}",
      journal        = "JHEP",
      volume         = "02",
      year           = "2002",
      pages          = "044",
      doi            = "10.1088/1126-6708/2002/02/044",
      eprint         = "hep-ph/0109036",
      archivePrefix  = "arXiv",
      primaryClass   = "hep-ph",
      reportNumber   = "CAVENDISH-HEP-01-11",
      SLACcitation   = "%%CITATION = HEP-PH/0109036;%%"
}


@article{Gleisberg:2007md,
      author         = "Gleisberg, Tanju and Krauss, Frank",
      title          = "{Automating dipole subtraction for QCD NLO calculations}",
      journal        = "Eur. Phys. J.",
      volume         = "C53",
      year           = "2008",
      pages          = "501-523",
      doi            = "10.1140/epjc/s10052-007-0495-0",
      eprint         = "0709.2881",
      archivePrefix  = "arXiv",
      primaryClass   = "hep-ph",
      reportNumber   = "DCPT-07-88, IPPP-07-44",
      SLACcitation   = "%%CITATION = ARXIV:0709.2881;%%"
}

@article{sherpaqedbrems,
      author         = "Sch{\"o}nherr, M.",
      journal             =  "{ In preparation}"
}

@article{munich,
	   author       = "Kallweit, S.",
            title           = "{{\sc Munich:} ``MUlti-chaNnel Integrator at Swiss (CH) precision}'' ",
            journal      =  "an automated parton level NLO generator. In preparation"
}


@article{Denner:2016kdg,
      author         = "Denner, Ansgar and Dittmaier, Stefan and Hofer, Lars",
      title          = "{Collier: a fortran-based Complex One-Loop LIbrary in
                        Extended Regularizations}",
      journal        = "Comput. Phys. Commun.",
      volume         = "212",
      year           = "2017",
      pages          = "220-238",
      doi            = "10.1016/j.cpc.2016.10.013",
      eprint         = "1604.06792",
      archivePrefix  = "arXiv",
      primaryClass   = "hep-ph",
      reportNumber   = "FR-PHENO-2016-003, ICCUB-16-016",
      SLACcitation   = "%%CITATION = ARXIV:1604.06792;%%"
}


@article{Ossola:2007ax,
      author         = "Ossola, Giovanni and Papadopoulos, Costas G. and Pittau,
                        Roberto",
      title          = "{CutTools: A Program implementing the OPP reduction
                        method to compute one-loop amplitudes}",
      journal        = "JHEP",
      volume         = "03",
      year           = "2008",
      pages          = "042",
      doi            = "10.1088/1126-6708/2008/03/042",
      eprint         = "0711.3596",
      archivePrefix  = "arXiv",
      primaryClass   = "hep-ph",
      SLACcitation   = "%%CITATION = ARXIV:0711.3596;%%"
}


@article{Kallweit:2017khh,
      author         = "Kallweit, S. and Lindert, J. M. and Pozzorini, S. and
                        Schonherr, M.",
      title          = "{NLO QCD+EW predictions for $2\ell2\nu$ diboson
                        signatures at the LHC}",
      year           = "2017",
      eprint         = "1705.00598",
      archivePrefix  = "arXiv",
      primaryClass   = "hep-ph",
      reportNumber   = "IPPP-17-32, MCNET--17--05, CERN-TH-2017-097, ZU-TH-09-17",
      SLACcitation   = "%%CITATION = ARXIV:1705.00598;%%"
}

@article{Cascioli:2011va,
      author         = "Cascioli, Fabio and Maierh{\"o}fer, Philipp and Pozzorini,
                        Stefano",
      title          = "{Scattering Amplitudes with Open Loops}",
      journal        = "Phys.Rev.Lett.",
      volume         = "108",
      pages          = "111601",
      doi            = "10.1103/PhysRevLett.108.111601",
      year           = "2012",
      eprint         = "1111.5206",
      archivePrefix  = "arXiv",
      primaryClass   = "hep-ph",
      reportNumber   = "ZU-TH-23-11, LPN11-66",
      SLACcitation   = "%%CITATION = ARXIV:1111.5206;%%",
}


@article{hepforge,
     author = "Cascioli, Fabio and Lindert, Jonas M. and Maierh{\"o}fer, Philipp and Pozzorini,
                        Stefano",
      title = "{The {\sc OpenLoops} one-loop generator}",
      journal = "{publicly available at \url{http://openloops.hepforge.org}}"
}


@article{GehrmannDeRidder:2005cm,
      author         = "Gehrmann-De Ridder, A. and Gehrmann, T. and Glover, E. W.
                        Nigel",
      title          = "{Antenna subtraction at NNLO}",
      journal        = "JHEP",
      volume         = "09",
      year           = "2005",
      pages          = "056",
      doi            = "10.1088/1126-6708/2005/09/056",
      eprint         = "hep-ph/0505111",
      archivePrefix  = "arXiv",
      primaryClass   = "hep-ph",
      reportNumber   = "ZU-TH-07-05, IPPP-05-18",
      SLACcitation   = "%%CITATION = HEP-PH/0505111;%%"
}

@article{GehrmannDeRidder:2005aw,
      author         = "Gehrmann-De Ridder, A. and Gehrmann, T. and Glover, E. W.
                        Nigel",
      title          = "{Gluon-gluon antenna functions from Higgs boson decay}",
      journal        = "Phys. Lett.",
      volume         = "B612",
      year           = "2005",
      pages          = "49-60",
      doi            = "10.1016/j.physletb.2005.03.003",
      eprint         = "hep-ph/0502110",
      archivePrefix  = "arXiv",
      primaryClass   = "hep-ph",
      reportNumber   = "ZU-TH-02-05, IPPP-05-03, DCPT-05-06",
      SLACcitation   = "%%CITATION = HEP-PH/0502110;%%"
}


@article{GehrmannDeRidder:2005hi,
      author         = "Gehrmann-De Ridder, A. and Gehrmann, T. and Glover, E. W.
                        Nigel",
      title          = "{Quark-gluon antenna functions from neutralino decay}",
      journal        = "Phys. Lett.",
      volume         = "B612",
      year           = "2005",
      pages          = "36-48",
      doi            = "10.1016/j.physletb.2005.02.039",
      eprint         = "hep-ph/0501291",
      archivePrefix  = "arXiv",
      primaryClass   = "hep-ph",
      reportNumber   = "ZU-TH-01-05, IPPP-05-01, DCPT-05-02",
      SLACcitation   = "%%CITATION = HEP-PH/0501291;%%"
}

@article{Daleo:2006xa,
      author         = "Daleo, A. and Gehrmann, T. and Maitre, D.",
      title          = "{Antenna subtraction with hadronic initial states}",
      journal        = "JHEP",
      volume         = "04",
      year           = "2007",
      pages          = "016",
      doi            = "10.1088/1126-6708/2007/04/016",
      eprint         = "hep-ph/0612257",
      archivePrefix  = "arXiv",
      primaryClass   = "hep-ph",
      reportNumber   = "ZU-TH-24-06",
      SLACcitation   = "%%CITATION = HEP-PH/0612257;%%"
}

@article{Daleo:2009yj,
      author         = "Daleo, Alejandro and Gehrmann-De Ridder, Aude and
                        Gehrmann, Thomas and Luisoni, Gionata",
      title          = "{Antenna subtraction at NNLO with hadronic initial
                        states: initial-final configurations}",
      journal        = "JHEP",
      volume         = "01",
      year           = "2010",
      pages          = "118",
      doi            = "10.1007/JHEP01(2010)118",
      eprint         = "0912.0374",
      archivePrefix  = "arXiv",
      primaryClass   = "hep-ph",
      reportNumber   = "ZU-TH-17-09",
      SLACcitation   = "%%CITATION = ARXIV:0912.0374;%%"
}

@article{Gehrmann:2011wi,
      author         = "Gehrmann, Thomas and Monni, Pier Francesco",
      title          = "{Antenna subtraction at NNLO with hadronic initial
                        states: real-virtual initial-initial configurations}",
      journal        = "JHEP",
      volume         = "12",
      year           = "2011",
      pages          = "049",
      doi            = "10.1007/JHEP12(2011)049",
      eprint         = "1107.4037",
      archivePrefix  = "arXiv",
      primaryClass   = "hep-ph",
      SLACcitation   = "%%CITATION = ARXIV:1107.4037;%%"
}

@article{Boughezal:2010mc,
      author         = "Boughezal, Radja and Gehrmann-De Ridder, Aude and
                        Ritzmann, Mathias",
      title          = "{Antenna subtraction at NNLO with hadronic initial
                        states: double real radiation for initial-initial
                        configurations with two quark flavours}",
      journal        = "JHEP",
      volume         = "02",
      year           = "2011",
      pages          = "098",
      doi            = "10.1007/JHEP02(2011)098",
      eprint         = "1011.6631",
      archivePrefix  = "arXiv",
      primaryClass   = "hep-ph",
      reportNumber   = "ANL-HEP-PR-10-58",
      SLACcitation   = "%%CITATION = ARXIV:1011.6631;%%"
}

@article{GehrmannDeRidder:2012ja,
      author         = "Gehrmann-De Ridder, Aude and Gehrmann, Thomas and
                        Ritzmann, Mathias",
      title          = "{Antenna subtraction at NNLO with hadronic initial
                        states: double real initial-initial configurations}",
      journal        = "JHEP",
      volume         = "10",
      year           = "2012",
      pages          = "047",
      doi            = "10.1007/JHEP10(2012)047",
      eprint         = "1207.5779",
      archivePrefix  = "arXiv",
      primaryClass   = "hep-ph",
      reportNumber   = "ZU-TH-15-12, SACLAY-IPHT-T12-061",
      SLACcitation   = "%%CITATION = ARXIV:1207.5779;%%"
}

@article{Currie:2013vh,
      author         = "Currie, James and Glover, E. W. N. and Wells, Steven",
      title          = "{Infrared Structure at NNLO Using Antenna Subtraction}",
      journal        = "JHEP",
      volume         = "04",
      year           = "2013",
      pages          = "066",
      doi            = "10.1007/JHEP04(2013)066",
      eprint         = "1301.4693",
      archivePrefix  = "arXiv",
      primaryClass   = "hep-ph",
      reportNumber   = "IPPP-12-82, ZU-TH-26-12",
      SLACcitation   = "%%CITATION = ARXIV:1301.4693;%%"
}


@article{Ask:2011xf,
    author         = "Ask, S. and Parker, M. A. and Sandoval, T. and Shea, M.
                      E. and Stirling, W. J.",
    title          = "{Using gamma+jets Production to Calibrate the Standard
                      Model Z(nunu)+jets Background to New Physics Processes at
                      the LHC}",
    journal        = "JHEP",
    volume         = "10",
    year           = "2011",
    pages          = "058",
    doi            = "10.1007/JHEP10(2011)058",
    eprint         = "1107.2803",
    archivePrefix  = "arXiv",
    primaryClass   = "hep-ph",
    reportNumber   = "CAVENDISH-HEP-11-14, MCNET-11-16",
    SLACcitation   = "%%CITATION = ARXIV:1107.2803;%%"
}

@article{Bern:2011pa,
    author         = "Bern, Z. and Diana, G. and Dixon, L. J. and Febres
                      Cordero, F. and Hoche, S. and Ita, H. and Kosower, D. A.
                      and Maitre, D. and Ozeren, K. J.",
    title          = "{Driving Missing Data at Next-to-Leading Order}",
    journal        = "Phys. Rev.",
    volume         = "D84",
    year           = "2011",
    pages          = "114002",
    doi            = "10.1103/PhysRevD.84.114002",
    eprint         = "1106.1423",
    archivePrefix  = "arXiv",
    primaryClass   = "hep-ph",
    reportNumber   = "SLAC-PUB-14472, UCLA-11-TEP-106, CERN-PH-TH-2011-125,
                      IPHT-T11-146, IPPP-11-29, NSF-KITP-11-093, SB-F-387-11,
                      SLAC--PUB--14472, CERN--PH--TH-2011-125, --IPHT--T11-146,
                      NSF--KITP--11--093",
    SLACcitation   = "%%CITATION = ARXIV:1106.1423;%%"
}

@article{Campbell:2017dqk,
    author         = "Campbell, John M. and Ellis, R. Keith and Williams,
                      Ciaran",
    title          = "{Driving Miss Data: Going Up a Gear to NNLO}",
    year           = "2017",
    eprint         = "1703.10109",
    archivePrefix  = "arXiv",
    primaryClass   = "hep-ph",
    reportNumber   = "PPP-17-25, IPPP-17-25, FERMILAB-PUB-17-085-T",
    SLACcitation   = "%%CITATION = ARXIV:1703.10109;%%"
}

@article{Boughezal:2016wmq,
    author         = "Boughezal, Radja and Campbell, John M. and Ellis, R.
                      Keith and Focke, Christfried and Giele, Walter and Liu,
                      Xiaohui and Petriello, Frank and Williams, Ciaran",
    title          = "{Color singlet production at NNLO in MCFM}",
    journal        = "Eur. Phys. J.",
    volume         = "C77",
    year           = "2017",
    number         = "1",
    pages          = "7",
    doi            = "10.1140/epjc/s10052-016-4558-y",
    eprint         = "1605.08011",
    archivePrefix  = "arXiv",
    primaryClass   = "hep-ph",
    reportNumber   = "FERMILAB-PUB-16-120-T, IPPP-16-32",
    SLACcitation   = "%%CITATION = ARXIV:1605.08011;%%"
}




@article{Campanario:2010hp,
      author         = "Campanario, Francisco and Englert, Christoph and
                        Kallweit, Stefan and Spannowsky, Michael and Zeppenfeld,
                        Dieter",
      title          = "{NLO QCD corrections to WZ+jet production with leptonic
                        decays}",
      journal        = "JHEP",
      volume         = "07",
      year           = "2010",
      pages          = "076",
      doi            = "10.1007/JHEP07(2010)076",
      eprint         = "1006.0390",
      archivePrefix  = "arXiv",
      primaryClass   = "hep-ph",
      reportNumber   = "KA-TP-11-2010, PSI-PR-10-09, SFB-CPP-10-41",
      SLACcitation   = "%%CITATION = ARXIV:1006.0390;%%"
}

@article{Campbell:2007ev,
      author         = "Campbell, John M. and Ellis, R. Keith and Zanderighi,
                        Giulia",
      title          = "{Next-to-leading order predictions for $WW+1$ jet
                        distributions at the LHC}",
      journal        = "JHEP",
      volume         = "12",
      year           = "2007",
      pages          = "056",
      doi            = "10.1088/1126-6708/2007/12/056",
      eprint         = "0710.1832",
      archivePrefix  = "arXiv",
      primaryClass   = "hep-ph",
      reportNumber   = "CERN-PH-TH-07-181, FERMILAB-PUB-07-529-T, OUTP-07-11-P",
      SLACcitation   = "%%CITATION = ARXIV:0710.1832;%%"
}

@article{Dittmaier:2007th,
      author         = "Dittmaier, S. and Kallweit, S. and Uwer, P.",
      title          = "{NLO QCD corrections to WW+jet production at hadron
                        colliders}",
      journal        = "Phys. Rev. Lett.",
      volume         = "100",
      year           = "2008",
      pages          = "062003",
      doi            = "10.1103/PhysRevLett.100.062003",
      eprint         = "0710.1577",
      archivePrefix  = "arXiv",
      primaryClass   = "hep-ph",
      reportNumber   = "MPP-2007-144, SFB-CPP-07-64",
      SLACcitation   = "%%CITATION = ARXIV:0710.1577;%%"
}

@article{Dittmaier:2009un,
      author         = "Dittmaier, S. and Kallweit, S. and Uwer, P.",
      title          = "{NLO QCD corrections to pp/ppbar --> WW+jet+X including
                        leptonic W-boson decays}",
      journal        = "Nucl. Phys.",
      volume         = "B826",
      year           = "2010",
      pages          = "18-70",
      doi            = "10.1016/j.nuclphysb.2009.09.029",
      eprint         = "0908.4124",
      archivePrefix  = "arXiv",
      primaryClass   = "hep-ph",
      reportNumber   = "HU-EP-09-25, MPP-2009-153, PSI-PR-09-11, SFB-CPP-09-45",
      SLACcitation   = "%%CITATION = ARXIV:0908.4124;%%"
}

@article{Binoth:2009wk,
      author         = "Binoth, T. and Gleisberg, T. and Karg, S. and Kauer, N.
                        and Sanguinetti, G.",
      title          = "{NLO QCD corrections to ZZ+ jet production at hadron
                        colliders}",
      journal        = "Phys. Lett.",
      volume         = "B683",
      year           = "2010",
      pages          = "154-159",
      doi            = "10.1016/j.physletb.2009.12.013",
      eprint         = "0911.3181",
      archivePrefix  = "arXiv",
      primaryClass   = "hep-ph",
      reportNumber   = "EDINBURGH-2009-18, LAPTH-1362-09, PITHA-09-30,
                        SFB-CPP-09-113, SLAC-PUB-13833, --SLAC-PUB-13833",
      SLACcitation   = "%%CITATION = ARXIV:0911.3181;%%"
}

@article{Campanario:2009um,
      author         = "Campanario, F. and Englert, C. and Spannowsky, M. and
                        Zeppenfeld, D.",
      title          = "{NLO-QCD corrections to W gamma j production}",
      journal        = "Europhys. Lett.",
      volume         = "88",
      year           = "2009",
      pages          = "11001",
      doi            = "10.1209/0295-5075/88/11001",
      eprint         = "0908.1638",
      archivePrefix  = "arXiv",
      primaryClass   = "hep-ph",
      reportNumber   = "FTUV-09-2406, KA-TP-08-2009, SFB-CPP-09-54",
      SLACcitation   = "%%CITATION = ARXIV:0908.1638;%%"
}

@article{Campbell:2015hya,
      author         = "Campbell, John M. and Miller, David J. and Robens, Tania",
      title          = "{Next-to-Leading Order Predictions for WW+Jet
                        Production}",
      journal        = "Phys. Rev.",
      volume         = "D92",
      year           = "2015",
      number         = "1",
      pages          = "014033",
      doi            = "10.1103/PhysRevD.92.014033",
      eprint         = "1506.04801",
      archivePrefix  = "arXiv",
      primaryClass   = "hep-ph",
      reportNumber   = "FERMILAB-PUB-15-257-T",
      SLACcitation   = "%%CITATION = ARXIV:1506.04801;%%"
}




@article{Cascioli:2013gfa,
      author         = "Cascioli, F. and H{\"o}che, S. and Krauss, F. and
                        Maierh{\"o}fer, P. and Pozzorini, S. and Siegert, F.",
      title          = "{Precise Higgs-background predictions: merging NLO QCD
                        and squared quark-loop corrections to four-lepton + 0,1
                        jet production}",
      journal        = "JHEP",
      volume         = "01",
      year           = "2014",
      pages          = "046",
      doi            = "10.1007/JHEP01(2014)046",
      eprint         = "1309.0500",
      archivePrefix  = "arXiv",
      primaryClass   = "hep-ph",
      reportNumber   = "IPPP-13-66, DCPT-13-132, MCNET-13-12, SLAC-PUB-15714,
                        ZU-TH-15-13, --LPN13-056, FR-PHENO-2013-007",
      SLACcitation   = "%%CITATION = ARXIV:1309.0500;%%"
}



@article{Denner:2014ina,
      author         = "Denner, Ansgar and Hofer, Lars and Scharf, Andreas and
                        Uccirati, Sandro",
      title          = "{Electroweak corrections to lepton pair production in
                        association with two hard jets at the LHC}",
      journal        = "JHEP",
      volume         = "01",
      year           = "2015",
      pages          = "094",
      doi            = "10.1007/JHEP01(2015)094",
      eprint         = "1411.0916",
      archivePrefix  = "arXiv",
      primaryClass   = "hep-ph",
      SLACcitation   = "%%CITATION = ARXIV:1411.0916;%%"
}


@article{Khachatryan:2016mdm,
      author         = "Khachatryan, Vardan and others",
      title          = "{Search for dark matter in proton-proton collisions at 8
                        TeV with missing transverse momentum and vector boson
                        tagged jets}",
      collaboration  = "CMS",
      journal        = "JHEP",
      volume         = "12",
      year           = "2016",
      pages          = "083",
      doi            = "10.1007/JHEP12(2016)083",
      eprint         = "1607.05764",
      archivePrefix  = "arXiv",
      primaryClass   = "hep-ex",
      reportNumber   = "CMS-EXO-12-055, CERN-EP-2016-178",
      SLACcitation   = "%%CITATION = ARXIV:1607.05764;%%"
}


@article{Aaboud:2017hbk,
      author         = "Aaboud, Morad and others",
      title          = "{Measurements of the production cross section of a $Z$
                        boson in association with jets in pp collisions at
                        $\sqrt{s} = 13$  TeV with the ATLAS detector}",
      collaboration  = "ATLAS",
      journal        = "Eur. Phys. J.",
      volume         = "C77",
      year           = "2017",
      number         = "6",
      pages          = "361",
      doi            = "10.1140/epjc/s10052-017-4900-z",
      eprint         = "1702.05725",
      archivePrefix  = "arXiv",
      primaryClass   = "hep-ex",
      reportNumber   = "CERN-EP-2016-297",
      SLACcitation   = "%%CITATION = ARXIV:1702.05725;%%"
}

@article{Gleisberg:2008fv,
      author         = "Gleisberg, Tanju and Hoeche, Stefan",
      title          = "{Comix, a new matrix element generator}",
      journal        = "JHEP",
      volume         = "12",
      year           = "2008",
      pages          = "039",
      doi            = "10.1088/1126-6708/2008/12/039",
      eprint         = "0808.3674",
      archivePrefix  = "arXiv",
      primaryClass   = "hep-ph",
      reportNumber   = "SLAC-PUB-13232, IPPP-08-31, DCPT-08-62, MCNET-08-08",
      SLACcitation   = "%%CITATION = ARXIV:0808.3674;%%"
}


@article{Alwall:2014hca,
      author         = "Alwall, J. and Frederix, R. and Frixione, S. and Hirschi,
                        V. and Maltoni, F. and Mattelaer, O. and Shao, H. -S. and
                        Stelzer, T. and Torrielli, P. and Zaro, M.",
      title          = "{The automated computation of tree-level and
                        next-to-leading order differential cross sections, and
                        their matching to parton shower simulations}",
      journal        = "JHEP",
      volume         = "07",
      year           = "2014",
      pages          = "079",
      doi            = "10.1007/JHEP07(2014)079",
      eprint         = "1405.0301",
      archivePrefix  = "arXiv",
      primaryClass   = "hep-ph",
      reportNumber   = "CERN-PH-TH-2014-064, CP3-14-18, LPN14-066, MCNET-14-09,
                        ZU-TH-14-14",
      SLACcitation   = "%%CITATION = ARXIV:1405.0301;%%"
}

@article{Sjostrand:2007gs,
      author         = "Sjostrand, Torbjorn and Mrenna, Stephen and Skands, Peter
                        Z.",
      title          = "{A Brief Introduction to PYTHIA 8.1}",
      journal        = "Comput. Phys. Commun.",
      volume         = "178",
      year           = "2008",
      pages          = "852-867",
      doi            = "10.1016/j.cpc.2008.01.036",
      eprint         = "0710.3820",
      archivePrefix  = "arXiv",
      primaryClass   = "hep-ph",
      reportNumber   = "CERN-LCGAPP-2007-04, LU-TP-07-28,
                        FERMILAB-PUB-07-512-CD-T",
      SLACcitation   = "%%CITATION = ARXIV:0710.3820;%%"
}

@article{Lonnblad:2001iq,
      author         = "Lonnblad, Leif",
      title          = "{Correcting the color dipole cascade model with fixed
                        order matrix elements}",
      journal        = "JHEP",
      volume         = "05",
      year           = "2002",
      pages          = "046",
      doi            = "10.1088/1126-6708/2002/05/046",
      eprint         = "hep-ph/0112284",
      archivePrefix  = "arXiv",
      primaryClass   = "hep-ph",
      reportNumber   = "LU-TP-01-38",
      SLACcitation   = "%%CITATION = HEP-PH/0112284;%%"
}

@article{Frederix:2012ps,
      author         = "Frederix, Rikkert and Frixione, Stefano",
      title          = "{Merging meets matching in MC@NLO}",
      journal        = "JHEP",
      volume         = "12",
      year           = "2012",
      pages          = "061",
      doi            = "10.1007/JHEP12(2012)061",
      eprint         = "1209.6215",
      archivePrefix  = "arXiv",
      primaryClass   = "hep-ph",
      reportNumber   = "CERN-PH-TH-2012-247, ZU-TH-21-12",
      SLACcitation   = "%%CITATION = ARXIV:1209.6215;%%"
}

@article{Mangano:2002ea,
      author         = "Mangano, Michelangelo L. and Moretti, Mauro and
                        Piccinini, Fulvio and Pittau, Roberto and Polosa, Antonio
                        D.",
      title          = "{ALPGEN, a generator for hard multiparton processes in
                        hadronic collisions}",
      journal        = "JHEP",
      volume         = "07",
      year           = "2003",
      pages          = "001",
      doi            = "10.1088/1126-6708/2003/07/001",
      eprint         = "hep-ph/0206293",
      archivePrefix  = "arXiv",
      primaryClass   = "hep-ph",
      reportNumber   = "CERN-TH-2002-129, FTN-T-2002-06",
      SLACcitation   = "%%CITATION = HEP-PH/0206293;%%"
}

@article{Sjostrand:2006za,
      author         = "Sjostrand, Torbjorn and Mrenna, Stephen and Skands, Peter
                        Z.",
      title          = "{PYTHIA 6.4 Physics and Manual}",
      journal        = "JHEP",
      volume         = "05",
      year           = "2006",
      pages          = "026",
      doi            = "10.1088/1126-6708/2006/05/026",
      eprint         = "hep-ph/0603175",
      archivePrefix  = "arXiv",
      primaryClass   = "hep-ph",
      reportNumber   = "FERMILAB-PUB-06-052-CD-T, LU-TP-06-13",
      SLACcitation   = "%%CITATION = HEP-PH/0603175;%%"
}

@article{Berger:2010vm,
      author         = "Berger, C. F. and Bern, Z. and Dixon, Lance J. and Febres
                        Cordero, F. and Forde, D. and Gleisberg, T. and Ita, H.
                        and Kosower, D. A. and Maitre, D.",
      title          = "{Next-to-Leading Order {QCD} Predictions for $Z,
                        \gamma^*$ + 3-Jet Distributions at the Tevatron}",
      journal        = "Phys. Rev.",
      volume         = "D82",
      year           = "2010",
      pages          = "074002",
      doi            = "10.1103/PhysRevD.82.074002",
      eprint         = "1004.1659",
      archivePrefix  = "arXiv",
      primaryClass   = "hep-ph",
      reportNumber   = "SLAC-PUB-13954, UCLA-10-TEP-101, MIT-CTP-4117,
                        SB-F-379-10, IPPP-10-13, SACLAY-IPHT-T10-040,
                        NIKHEF-2010-004, CERN-PH-TH-2010-029",
      SLACcitation   = "%%CITATION = ARXIV:1004.1659;%%"
}

@article{Ita:2011wn,
      author         = "Ita, H. and Bern, Z. and Dixon, L. J. and Febres Cordero,
                        Fernando and Kosower, D. A. and Maitre, D.",
      title          = "{Precise Predictions for Z + 4 Jets at Hadron Colliders}",
      journal        = "Phys. Rev.",
      volume         = "D85",
      year           = "2012",
      pages          = "031501",
      doi            = "10.1103/PhysRevD.85.031501",
      eprint         = "1108.2229",
      archivePrefix  = "arXiv",
      primaryClass   = "hep-ph",
      reportNumber   = "SLAC-PUB-14527, SB-F-390-11, UCLA-11-TEP-109,
                        NSF-KITP-11-167, IPPP-11-45, CERN-PH-TH-2011-188,
                        SLAC--PUB--14527, --IPPP-11-45, CERN--PH--TH-2011-188",
      SLACcitation   = "%%CITATION = ARXIV:1108.2229;%%"
}

@article{Bern:2012vx,
      author         = "Bern, Z. and Diana, G. and Dixon, L. J. and Febres
                        Cordero, F. and Höche, S. and Ita, H. and Kosower, D. A.
                        and Maitre, D. and Ozeren, K. J.",
      title          = "{Missing Energy and Jets for Supersymmetry Searches}",
      journal        = "Phys. Rev.",
      volume         = "D87",
      year           = "2013",
      number         = "3",
      pages          = "034026",
      doi            = "10.1103/PhysRevD.87.034026",
      eprint         = "1206.6064",
      archivePrefix  = "arXiv",
      primaryClass   = "hep-ph",
      reportNumber   = "SLAC-PUB-15096, UCLA-12-TEP-103, CERN-PH-TH-2012-170,
                        IPPP-11-42",
      SLACcitation   = "%%CITATION = ARXIV:1206.6064;%%"
}

@article{Alwall:2011uj,
      author         = "Alwall, Johan and Herquet, Michel and Maltoni, Fabio and
                        Mattelaer, Olivier and Stelzer, Tim",
      title          = "{MadGraph 5 : Going Beyond}",
      journal        = "JHEP",
      volume         = "06",
      year           = "2011",
      pages          = "128",
      doi            = "10.1007/JHEP06(2011)128",
      eprint         = "1106.0522",
      archivePrefix  = "arXiv",
      primaryClass   = "hep-ph",
      reportNumber   = "FERMILAB-PUB-11-448-T",
      SLACcitation   = "%%CITATION = ARXIV:1106.0522;%%"
}

@article{Alwall:2007fs,
      author         = "Alwall, Johan and others",
      title          = "{Comparative study of various algorithms for the merging
                        of parton showers and matrix elements in hadronic
                        collisions}",
      journal        = "Eur. Phys. J.",
      volume         = "C53",
      year           = "2008",
      pages          = "473-500",
      doi            = "10.1140/epjc/s10052-007-0490-5",
      eprint         = "0706.2569",
      archivePrefix  = "arXiv",
      primaryClass   = "hep-ph",
      reportNumber   = "SLAC-PUB-12604, CERN-PH-TH-2007-066, LU-TP-07-13,
                        KA-TP-06-2007, DCPT-07-62, IPPP-07-31",
      SLACcitation   = "%%CITATION = ARXIV:0706.2569;%%"
}

@article{Gavin:2010az,
      author         = "Gavin, Ryan and Li, Ye and Petriello, Frank and
                        Quackenbush, Seth",
      title          = "{FEWZ 2.0: A code for hadronic Z production at
                        next-to-next-to-leading order}",
      journal        = "Comput. Phys. Commun.",
      volume         = "182",
      year           = "2011",
      pages          = "2388-2403",
      doi            = "10.1016/j.cpc.2011.06.008",
      eprint         = "1011.3540",
      archivePrefix  = "arXiv",
      primaryClass   = "hep-ph",
      reportNumber   = "ANL-HEP-PR-10-60",
      SLACcitation   = "%%CITATION = ARXIV:1011.3540;%%"
}

@article{Aad:2014xaa,
      author         = "Aad, Georges and others",
      title          = "{Measurement of the $Z/\gamma^*$ boson transverse
                        momentum distribution in $pp$ collisions at $\sqrt{s}$ = 7
                        TeV with the ATLAS detector}",
      collaboration  = "ATLAS",
      journal        = "JHEP",
      volume         = "09",
      year           = "2014",
      pages          = "145",
      doi            = "10.1007/JHEP09(2014)145",
      eprint         = "1406.3660",
      archivePrefix  = "arXiv",
      primaryClass   = "hep-ex",
      reportNumber   = "CERN-PH-EP-2014-075",
      SLACcitation   = "%%CITATION = ARXIV:1406.3660;%%"
}

@article{Aad:2015auj,
      author         = "Aad, Georges and others",
      title          = "{Measurement of the transverse momentum and $\phi
                        ^*_{\eta }$ distributions of Drell–Yan lepton pairs in
                        proton–proton collisions at $\sqrt{s}=8$  TeV with the
                        ATLAS detector}",
      collaboration  = "ATLAS",
      journal        = "Eur. Phys. J.",
      volume         = "C76",
      year           = "2016",
      number         = "5",
      pages          = "291",
      doi            = "10.1140/epjc/s10052-016-4070-4",
      eprint         = "1512.02192",
      archivePrefix  = "arXiv",
      primaryClass   = "hep-ex",
      reportNumber   = "CERN-PH-EP-2015-275",
      SLACcitation   = "%%CITATION = ARXIV:1512.02192;%%"
}

@article{Khachatryan:2015oaa,
      author         = "Khachatryan, Vardan and others",
      title          = "{Measurement of the Z boson differential cross section in
                        transverse momentum and rapidity in proton–proton
                        collisions at 8 TeV}",
      collaboration  = "CMS",
      journal        = "Phys. Lett.",
      volume         = "B749",
      year           = "2015",
      pages          = "187-209",
      doi            = "10.1016/j.physletb.2015.07.065",
      eprint         = "1504.03511",
      archivePrefix  = "arXiv",
      primaryClass   = "hep-ex",
      reportNumber   = "CMS-SMP-13-013, CERN-PH-EP-2015-059",
      SLACcitation   = "%%CITATION = ARXIV:1504.03511;%%"
}

@article{Lindert:2017olm,
      author         = "Lindert, J. M. and others",
      title          = "{Precise predictions for V+jets dark matter backgrounds}",
      year           = "2017",
      eprint         = "1705.04664",
      archivePrefix  = "arXiv",
      primaryClass   = "hep-ph",
      reportNumber   = "CERN-TH-2017-102, CERN-LPCC-2017-02, IPPP-17-38,
                        FERMILAB-PUB-17-152-T, ZU--TH-12-17",
      SLACcitation   = "%%CITATION = ARXIV:1705.04664;%%"
}


@article{CMS:2017tbk,
      author         = "CMS Collaboration",
      title          = "{Search for new physics in final states with an energetic
                        jet or a hadronically decaying W or Z boson using
                        $35.9~\mathrm{fb}^{-1}$ of data at $\sqrt{s} =
                        13~\mathrm{TeV}$}",
      collaboration  = "CMS",
      year           = "2017",
      reportNumber   = "CMS-PAS-EXO-16-048",
      SLACcitation   = "%%CITATION = CMS-PAS-EXO-16-048;%%"
}


@article{ATLAS:2017dnw,
      author         = "The ATLAS collaboration",
      title          = "{Search for dark matter and other new phenomena in events
                        with an energetic jet and large missing transverse
                        momentum using the ATLAS detector}",
      collaboration  = "ATLAS",
      year           = "2017",
      reportNumber   = "ATLAS-CONF-2017-060",
      SLACcitation   = "%%CITATION = ATLAS-CONF-2017-060;%%"
}